@article{smith1998liverCell,
  title = {A human liver cell},
  volume = {250},
  url = {http://www.somewebsite.com/somewhere/test/993618},
  doi = {10.1854/piro.1998.9361},
  number = {1},
  journaltitle = {Virology},
  author = {Smith, J and Doe, J and Bloggs, J},
  urldate = {2016-02-01},
  date = {1998-10},
  pages = {140--50}
}

@misc{ejemploWeb,
    author = {Ministry for Primary Industries},
    title = {{Kina sea urchin regions in NZ}},
    howpublished = {\url{http://fs.fish.govt.nz/Page.aspx?pk=7&sc=SUR}},
    note = {En linea; último acceso 19 de diciembre de 2023} ,
    year=2013,
}

@inbook{ejemploLibro,
  author= {P. Hedelin and P. Knagenhjelm and M. Skoglund},
  editor= {W. B. Kleijn and K. K. Paliwal},
  title = {Theory for Transmission of Vector Quantization Data},
  booktitle = {Speech Coding and Synthesis},
  publisher = {Elsevier Science},
  location = {Amsterdam, The Netherlands},
  year = {1995},
  chapter = {10},
  pages= {347-396}
}

@InProceedings{ejemploPaperConf,
    author    = {Soria, Xavier and Li, Yachuan and Rouhani, Mohammad and Sappa, Angel D.},
    title     = {Tiny and Efficient Model for the Edge Detection Generalization},
    booktitle = {Proceedings of the IEEE/CVF International Conference on Computer Vision (ICCV) Workshops},
    month     = {October},
    year      = {2023},
    pages     = {1364-1373}
}

@article{yaqoob2016BDfuture,
title = {Big data: From beginning to future},
journal = {International Journal of Information Management},
volume = {36},
number = {6, Part B},
pages = {1231-1247},
year = {2016},
issn = {0268-4012},
doi = {https://doi.org/10.1016/j.ijinfomgt.2016.07.009},
url = {https://www.sciencedirect.com/science/article/pii/S0268401216304753},
author = {Ibrar Yaqoob and Ibrahim Abaker Targio Hashem and Abdullah Gani and Salimah Mokhtar and Ejaz Ahmed and Nor Badrul Anuar and Athanasios V. Vasilakos},
keywords = {Big data, Parallel and distributed computing, Cloud computing, Internet of things, Social media, Analytics}
}

@ARTICLE{ramzan2019noSQLsecure,
  author={Ramzan, Shabana and Bajwa, Imran Sarwar and Ramzan, Bushra and Anwar, Waheed},
  journal={IEEE Access}, 
  title={Intelligent Data Engineering for Migration to NoSQL Based Secure Environments}, 
  year={2019},
  volume={7},
  number={},
  pages={69042-69057},
  doi={10.1109/ACCESS.2019.2916912}}


@article{Lim2017ResNet,
arxivId = {1707.02921},
author = {Lim, Bee and Son, Sanghyun and Kim, Heewon and Nah, Seungjun and Lee, Kyoung Mu},
doi = {10.1109/CVPRW.2017.151},
eprint = {1707.02921},
isbn = {9781538607336},
issn = {21607516},
journal = {IEEE Computer Society Conference on Computer Vision and Pattern Recognition Workshops},
pages = {1132--1140},
title = {{Enhanced Deep Residual Networks for Single Image Super-Resolution}},
volume = {2017-July},
year = {2017}
}

@misc{ejemplo2024,
	author = {IPINFO},
	title = {AS265911 – G6 Internet},
	howpublished = {\url{https://ipinfo.io/AS265911}},
	year = {2021},
	note = {[Recuperado el 1 de nero de 2024]},
}